@inproceedings{ross2011reduction,
  title={A reduction of imitation learning and structured prediction to no-regret online learning},
  author={Ross, St{\'e}phane and Gordon, Geoffrey and Bagnell, Drew},
  booktitle={Proceedings of the fourteenth international conference on artificial intelligence and statistics},
  pages={627--635},
  year={2011}
}
@article{de2019causal,
  title={Causal Confusion in Imitation Learning},
  author={de Haan, Pim and Jayaraman, Dinesh and Levine, Sergey},
  journal={arXiv preprint arXiv:1905.11979},
  year={2019}
}
@inproceedings{thomas2014bias,
  title={Bias in natural actor-critic algorithms},
  author={Thomas, Philip},
  booktitle={International conference on machine learning},
  pages={441--448},
  year={2014}
}
@article{mnih2013playing,
  title={Playing atari with deep reinforcement learning},
  author={Mnih, Volodymyr and Kavukcuoglu, Koray and Silver, David and Graves, Alex and Antonoglou, Ioannis and Wierstra, Daan and Riedmiller, Martin},
  journal={arXiv preprint arXiv:1312.5602},
  year={2013}
}

@inproceedings{munos2016safe,
  title={Safe and efficient off-policy reinforcement learning},
  author={Munos, R{\'e}mi and Stepleton, Tom and Harutyunyan, Anna and Bellemare, Marc},
  booktitle={Advances in Neural Information Processing Systems},
  pages={1054--1062},
  year={2016}
}

@inproceedings{gu2016continuous,
  title={Continuous deep q-learning with model-based acceleration},
  author={Gu, Shixiang and Lillicrap, Timothy and Sutskever, Ilya and Levine, Sergey},
  booktitle={International Conference on Machine Learning},
  pages={2829--2838},
  year={2016}
}

@article{lillicrap2015continuous,
  title={Continuous control with deep reinforcement learning},
  author={Lillicrap, Timothy P and Hunt, Jonathan J and Pritzel, Alexander and Heess, Nicolas and Erez, Tom and Tassa, Yuval and Silver, David and Wierstra, Daan},
  journal={arXiv preprint arXiv:1509.02971},
  year={2015}
}

@article{browne2012survey,
  title={A survey of monte carlo tree search methods},
  author={Browne, Cameron B and Powley, Edward and Whitehouse, Daniel and Lucas, Simon M and Cowling, Peter I and Rohlfshagen, Philipp and Tavener, Stephen and Perez, Diego and Samothrakis, Spyridon and Colton, Simon},
  journal={IEEE Transactions on Computational Intelligence and AI in games},
  volume={4},
  number={1},
  pages={1--43},
  year={2012},
  publisher={IEEE}
}

@inproceedings{guo2014deep,
  title={Deep learning for real-time Atari game play using offline Monte-Carlo tree search planning},
  author={Guo, Xiaoxiao and Singh, Satinder and Lee, Honglak and Lewis, Richard L and Wang, Xiaoshi},
  booktitle={Advances in neural information processing systems},
  pages={3338--3346},
  year={2014}
}

@inproceedings{watter2015embed,
  title={Embed to control: A locally linear latent dynamics model for control from raw images},
  author={Watter, Manuel and Springenberg, Jost and Boedecker, Joschka and Riedmiller, Martin},
  booktitle={Advances in neural information processing systems},
  pages={2746--2754},
  year={2015}
}

@article{zhang2018solar,
  title={Solar: Deep structured latent representations for model-based reinforcement learning},
  author={Zhang, Marvin and Vikram, Sharad and Smith, Laura and Abbeel, Pieter and Johnson, Matthew J and Levine, Sergey},
  journal={arXiv preprint arXiv:1808.09105},
  year={2018}
}

@inproceedings{houthooft2016vime,
  title={Vime: Variational information maximizing exploration},
  author={Houthooft, Rein and Chen, Xi and Duan, Yan and Schulman, John and De Turck, Filip and Abbeel, Pieter},
  booktitle={Advances in Neural Information Processing Systems},
  pages={1109--1117},
  year={2016}
}